@article{Abanetal2006,
    author={Aban, I.B. and Meerschaert, M.M. and Panorska, A.K.},
    title={Parameter estimation for the truncated Pareto distribution},
    journal={Journal of the American Statistical Association},
    volume={101},
    pages={270-277},
    year={2006}}
    
@book{BurnhamAnderson2002,
    author={Burnham, K.P. and Anderson, D.R.},
    title={Model Selection and Multimodel Inference: A Practical Information-Theoretic Approach, 2nd Edn.},
    year={2002},
    publisher={Springer Science and Business Media},
    address={New York}}
    
@article{Ellner_2016,
    author={Ellner, SP and Snyder, RE and Adler, PB},
    title={How to quantify the temporal storage effect using simulations instead of math},
    journal={Ecology Letters},
    volume={19},
    pages={1333-1342},
    year={2016},
    doi={10.1111/ele.12672}}
    
@article{Ellner_2019,
    author={Ellner, SP and Snyder, RE and Adler, PB and Hooker, G},
    title={An expanded modern coexistence theory for empirical applications},
    journal={Ecology Letters},
    volume={22},
    pages={3-18},
    year={2019},
    doi={10.1111/ele.13159}}

@article{Chesson_2000,
    author={Chesson, P},
    title={Mechanisms of maintenance of species diversity},
    journal={Annual Review of Ecology and Systematics},
    volume={31},
    pages={343-366},
    year={2000}}

@article{Chesson_1994,
    author={Chesson, P},
    title={Multispecies competition in variable environments},
    journal={Theoretical Population Biology},
    volume={45},
    pages={227-276},
    year={1994}}

@article{Ghosh_2020_AER,
    author={Ghosh, S and Sheppard, LW and Holder, MT and Loecke, TE and Reid, PC and Bever, JD and Reuman DC},
    title={Copulas and their potential for ecology},
    journal={Advances in Ecological Research},
    volume={62},
    pages={409-468},
    year={2020},
    doi={10.1016/bs.aecr.2020.01.003}}
    
@article{Ghosh_2020_Eco,
    author={Ghosh, S and Sheppard LW, and Reuman, DC},
    title={Tail associations in ecological variables and their impact on extinction risk},
    journal={Ecosphere},
    volume={11.5},
    pages={e03132},
    year={2020}}

@article{Genest_2007,
    author={Genest, C and Favre, A-C},
    title={Everything you always wanted to know about copula modeling but were afraid to ask},
    journal={Journal of Hydological Engineering},
    volume={12},
    pages={347-368},
    year={2007}}

@article{Barabas_2018,
    author={Barabas, G and D'Andrea, R and Stump, SM},
    title={Chesson's coexistence theory},
    journal={Ecological Monographs},
    volume={88},
    pages={277-303},
    year={2018}}
    
@article{Hardin_1960,
    author={Hardin, G},
    title={The competitive exclusion principle},
    journal={science},
    volume={131},
    pages={1292-1297},
    year={1960}}
    
@article{Chesson_2012,
    author={Chesson, P and Huntly, NJ and Roxburg, SH and Pantastico-Caldas, M and Facelli, JM},
    title={The storage effect: definition and tests in two plant communities},
    booktitle={Temporal dynamics and ecological process},
    pages={11-40},
    year={2012},
    publisher={Cambridge University Press}}
    
@article{Chesson_1981,
    author={Chesson, PL and Warner, RR},
    title={Environmental Variability promotes coexistence in lottery competitive systems},
    journal={The American Naturalist},
    volume={117},
    pages={923-943},
    year={1981}}
    
@article{Warner_1985,
    author={Warner, RR and Chesson, PL},
    title={Coexistence mediated by recruitment fluctutations: a field guide to the storage effect},
    journal={The American Naturalist},
    volume={125},
    pages={769-787},
    year={1985}}
    
@article{Parepa_2013,
    author={Parepa,M and Fischer, M and Bossdorf, O},
    title={Environmental variability promotes plant invasion},
    journal={Nature Communications},
    volume={4},
    pages={1-4},
    year={2013}}
    
@article{Diez_2012,
    author={Diez, JM and D'Antonio, CM and Dukes, JS and Grosholz, ED and Olden, JD and Sorte, CJB and Blumenthal, DM and Bradley, BA and Early, R and Ib{\'a}{\~n}ez, I and others},
    title={Will extreme climatic events facilitate biological invasions},
    journal={Frontiers in Ecology and the Environment},
    volume={10},
    pages={249-257},
    year={2012}}

@article{Angert_2009,
    author={Angert, Al and Huxman, TE and Chesson, P and Venable, DL},
    title={Functional tradeoffs determine species coexistence via the storage effect},
    journal={Proceedings of the National Academy of Sciences},
    volume={106},
    pages={11641-11645},
    year={2009}}
    
@article{Ghosh_2021,
    author={Ghosh, S and Cottingham, KL and Reuman, DC},
    title={Species relationships in the extremes and their influence on community stability},
    journal={Philosophical Transactions of the Royal Society B},
    volume={In press},
    pages={20200343},
    year={2021}}

@article{Ghosh_2020_ecolevol,
    author={Ghosh, S and Sheppard, LW and Reid, PC and Reuman, DC},
    title={A new approach to interspecific synchrony in population ecology using tail association},
    journal={Ecology and Evolution},
    volume={10},
    pages={12764-12776},
    year={2020}}
  
@book{Nelsen2006,
    author={Nelsen, NB},
    title={An Introduction to Copulas, 2nd Edn},
    publisher={Springer},
    year={2006},
    address={New York}}
  
@article{Adler_2006,
    author={Adler, P and HilleRisLambers, J and Kyriakidis, PC and Guan, Q and Levine, JM},
    title={Climate variability has a stabalizing effect on the coexistence of prairie grasses},
    journal={Proceedign of the National Academy of Sciences},
    volume={103},
    pages={12793-12798},
    year={2006}}
    
@article{MacArthur_1958,
    author={MacArthur, RH},
    title={Population ecology of some warblers of northeastern coniferous forests},
    journal={Ecology},
    volume={39},
    pages={599-619},
    year={1958}}
    
@article{Hutchinson_1961,
    author={Hutchinson, GE},
    title={The paradox of the plankton},
    journal={The American Naturalist},
    volume={95},
    pages={197-145},
    year={1961}}

@article{Schmida_1984,
    author={Schmida, A and Ellner, S},
    title={Coexistence of plant species with similar niches},
    journal={Vegetatio},
    volume={58},
    pages={29-55},
    year={1984}}

@article{Hallett_2019,
    author={Hallett, LM and Shoemaker, LG and White, CT and Suding, KN},
    title={Rainfall variability maintains grass-forb species coexistence},
    journal={Ecology Letters},
    volume={22},
    pages={1658-1667},
    year={2019}}

@article{Usinowicz_2012,
    author={Usinowicz, J and Wright, SJ and Ives, AR},
    title={Coexistence in tropical forests through asynchronous variation in annual seed production},
    journal={Ecology},
    volume={93},
    pages={9},
    year={2012}}    

@article{Adler_2010,
    author={Adler, PB and Ellner, SP and Levine, JM},
    title={Coexistence of perennial plants: an embarrasment of niches},
    journal={Ecology Letters},
    volume={13},
    pages={1019-1029},
    year={2010}}

@article{Caceres_1997,
    author={C{\'a}ceres, CE},
    title={Temporal variation, dormancy, and coexistence: a field test of the storage effect},
    journal={Proceeding of the National Academy of Sciences},
    volume={94},
    pages={9171-9175},
    year={1997}}

@article{Narawani_2013,
    author={Narawani, A and Alexandrou, MA and Oakley, TH and Carroll, IT and Cardinale, BJ},
    title={Experimental evidence that evolutionary relatedness does not effect the ecological mechanisms of coexistence in freshwater algae},
    journal={Ecology Letters},
    volume={16},
    pages={1373-1381},
    year={2013}}


@article{Anderson_2019,
    author={Anderson, MJ and de Valpine, P and Pennett, A and Miller, AE},
    title={A pathway for multivariate analysis of ecological communities using copulas},
    journal={Ecology and evolution},
    volume={9},
    pages={3276-3294},
    year={2019}}


@article{deValpine_2014,
    author={de Valpine, P and Scranton, K and Knape, J and Ram, K and Mills, NJ},
    title={The importance of individual development varaition in stage-structured population models},
    journal={Ecology Letters},
    volume={17},
    pages={1026-1038},
    year={2014}}


@article{Popovic_2019,
    author={Popovic, GC and Warton, DI and Thomson, FJ and Hui, FKC and Moles, AT},
    title={Untangling direct species association from indirect mediator species effects with graphical models},
    journal={Methods in Ecology and Evolution},
    volume={10},
    pages={1571-1583},
    year={2019}}


@article{,
    author={},
    title={},
    journal={},
    volume={},
    pages={},
    year={}}

@article{,
    author={},
    title={},
    journal={},
    volume={},
    pages={},
    year={}}

@article{,
    author={},
    title={},
    journal={},
    volume={},
    pages={},
    year={}}
